<?xml version="1.0" encoding="UTF-8"?><collection xmlns="http://www.loc.gov/MARC21/slim"><record><leader>00489nam--2200145-i-4500</leader><controlfield tag="001">000011002</controlfield><controlfield tag="002">20161230</controlfield><controlfield tag="005">20170220002709</controlfield><controlfield tag="008">060222s1000------------r-----000-0-eng-d</controlfield><datafield ind1=" " ind2=" " tag="245"><subfield code="a">Cercetarea si dezvoltarea in diverse tari. - culegere de date - cod: 09.001</subfield></datafield><datafield ind1=" " ind2=" " tag="260"><subfield code="a">Bucuresti</subfield><subfield code="b">Institutul National De Informare Si Documentare Stiintifica Si Tehnica</subfield><subfield code="c">1974</subfield></datafield><datafield ind1=" " ind2=" " tag="300"><subfield code="a">48 p</subfield></datafield><datafield ind1=" " ind2=" " tag="490"><subfield code="a">Banca Centrala De Date Si Informatii - 09.001</subfield></datafield><datafield ind1=" " ind2=" " tag="852"><subfield code="a">001.38</subfield></datafield><datafield ind1=" " ind2=" " tag="CAT"><subfield code="a">SYS</subfield><subfield code="c">20170220</subfield><subfield code="h">002709</subfield></datafield></record></collection>